<record><leader>00000cas a22000007a 4500</leader><controlfield tag="001">13316425</controlfield><controlfield tag="008">860320d18481856txuwr ne      0    0eng  </controlfield><datafield ind1=" " ind2=" " tag="010"><subfield code="a">sn 86071233 </subfield></datafield><datafield ind1=" " ind2=" " tag="040"><subfield code="a">DLC</subfield><subfield code="b">eng</subfield><subfield code="c">DLC</subfield><subfield code="d">PPM</subfield><subfield code="d">DLC</subfield><subfield code="d">OCLCQ</subfield><subfield code="d">CUS</subfield></datafield><datafield ind1=" " ind2=" " tag="042"><subfield code="a">msc</subfield></datafield><datafield ind1=" " ind2=" " tag="043"><subfield code="a">n-us-tx</subfield></datafield><datafield ind1="0" ind2="0" tag="050"><subfield code="a">Newspaper</subfield></datafield><datafield ind1="1" ind2="4" tag="050"><subfield code="a">AN</subfield></datafield><datafield ind1="0" ind2="4" tag="245"><subfield code="a">The Star state patriot.</subfield></datafield><datafield ind1="1" ind2="3" tag="246"><subfield code="a">Patriot</subfield></datafield><datafield ind1="1" ind2="3" tag="246"><subfield code="a">State patriot</subfield></datafield><datafield ind1=" " ind2=" " tag="260"><subfield code="a">Marshall, Tex. :</subfield><subfield code="b">T.A. &amp; J.C. Harris</subfield></datafield><datafield ind1=" " ind2=" " tag="300"><subfield code="a">v. :</subfield><subfield code="b">ill. (chiefly advertisements) ;</subfield><subfield code="c">62 cm.</subfield></datafield><datafield ind1=" " ind2=" " tag="310"><subfield code="a">Weekly</subfield></datafield><datafield ind1="1" ind2=" " tag="362"><subfield code="a">Began in Apr. 1848; ceased in June 1856.</subfield></datafield><datafield ind1=" " ind2=" " tag="500"><subfield code="a">With the issue of May 22, or 29, 1852 a design in the shape of a star was substituted for the word Star in the masthead.</subfield></datafield><datafield ind1=" " ind2=" " tag="515"><subfield code="a">&lt;Aug. 23, 1851-Oct. 23, 1952&gt; called also whole no. &lt;174-232&gt;.</subfield></datafield><datafield ind1=" " ind2=" " tag="530"><subfield code="a">Also on microfilm: Austin, Texas: The University of Texas, Center for American History.</subfield></datafield><datafield ind1=" " ind2=" " tag="588"><subfield code="a">Description based on: Vol. 2, no. 52 (Mar. 21, 1850).</subfield></datafield><datafield ind1=" " ind2=" " tag="752"><subfield code="a">United States</subfield><subfield code="b">Texas</subfield><subfield code="c">Harrison</subfield><subfield code="d">Marshall.</subfield></datafield><datafield ind1="0" ind2="0" tag="780"><subfield code="t">Soda Lake herald</subfield><subfield code="w">(DLC)sn 88083067</subfield></datafield><datafield ind1="0" ind2="0" tag="785"><subfield code="t">Harrison flag</subfield><subfield code="w">(OCoLC)14220079</subfield></datafield><datafield ind1="4" ind2="1" tag="856"><subfield code="3">03/20/1852 to 10/23/1852</subfield><subfield code="u">http://infoweb.newsbank.com/?db=EANX&amp;s_browseRef=decades/10EEA7E0F20319C0/all.xml</subfield></datafield><datafield ind1="1" ind2=" " tag="029"><subfield code="a">AU@</subfield><subfield code="b">000026225900</subfield></datafield></record>